@misc{wifi:coverage,
  title="Skyhook's mapped WiFi access points",
  howpublished="\url{http://www.skyhookwireless.com/location-technology/coverage.php}"
}

@misc{wifi:positioning,
  title="WiFi positioning system",
  howpublished="\url{http://en.wikipedia.org/wiki/Wi-Fi_positioning_system}"
}

@misc{google:maps,
  title="Google Maps Geolocation API",
  howpublished="\url{https://developers.google.com/maps/documentation/business/geolocation}"
}

@misc{skyhook:location,
  title="Skyhook Location SDK",
  howpublished="\url{http://www.skyhookwireless.com/location-technology}"
}

@misc{fspl,
  title="Free-Space Path Loss",
  howpublished="\url{http://en.wikipedia.org/wiki/Free-space_path_loss}"
}

@article{simple:triangulation,
  author={Ansari, M. A. and Farooqui, S. and Yasar, A.},
  booktitle={9th International Multitopic Conference, IEEE INMIC 2005}, title={Low Cost Solution for Location Determination of Mobile Nodes in a Wireless Local Area Network},
  year={2005},
  pages={1-7},
  keywords={middleware;mobile computing;protocols;quality of service;telecommunication network topology;wireless LAN;802.11b technology;QoS;WiFi networks;middleware location determination protocols;mobile nodes;network topology;triangulation method;wireless LAN card;wireless environment;wireless local area network;Calibration;Costs;Earth;Global Positioning System;Hardware;Indoor environments;Paper technology;Protocols;Satellites;Wireless LAN;Location estimation;Wi-Fi;location determination;signal attenuation},
  doi={10.1109/INMIC.2005.334505}
}

@article{fuzzy:logic:based:system,
  author={Garcia-Valverde, T. and Garcia-Sola, A. and Hagras, H. and Dooley, J. and Callaghan, V. and Botia, J.},
  journal={Fuzzy Systems, IEEE Transactions on}, title={A Fuzzy Logic Based System for Indoor Localisation Using WiFi in Ambient Intelligent Environments},
  year={2012},
  volume={PP},
  number={99},
  pages={1-1},
  keywords={Fuzzy logic systems;ambient intelligence;localisation systems;online learning},
  doi={10.1109/TFUZZ.2012.2227975},
  ISSN={1063-6706}
}

@article{adaptive:weighting,
  author={Sheng-Cheng Yeh and Wu-Hsiao Hsu and Yih-Shyh Chiou},
  booktitle={Vehicular Technology Conference (VTC 2010-Spring), 2010 IEEE 71st}, title={Adaptive-Weighting Schemes for Location-Based Services over Heterogeneous Wireless Networks},
  year={2010},
  pages={1-4},
  keywords={Global Positioning System;radio networks;receivers;wireless LAN;GPS receiver;RF models;RF signal strength calculation;WiFi locating system;Zigbee locating system;adaptive-weighting locating mechanism;adaptive-weighting schemes;blind nodes;civilian users;global positioning systems;heterogeneous wireless networks;location-based services;military;multipath fading;navigation;positioning signals;radio maps;received signal strength indication;satellite signals;shadowing effects;triangulation method;wireless heterogeneous networks;wireless technology;Fading;Global Positioning System;Military satellites;RF signals;Satellite broadcasting;Satellite navigation systems;Shadow mapping;Timing;Wireless networks;ZigBee},
  doi={10.1109/VETECS.2010.5494100},
  ISSN={1550-2252}
}